@article{Shoshan:77,
    author = "I. Shoshan and N. N. Danon and U. P. Oppenheim",
    title = "Narrowband operation of a pulsed dye laser without intracavity
             beam expansion",
    journal = "J. Appl. Phys.",
    volume = "48",
    pages = "4495",
    year = "1977"}


@article{Casperson:68,
    author = "Lee Casperson and Amnon Yariv",
    title = "The {G}aussian mode in optical resonators with a radial gain
             profile",
    journal = "Appl. Phys. Lett.",
    volume = "12",
    pages = "355",
    year = "1968"}


@article{Sorokin:67,
    author = "P. P. Sorokin and J. R. Lankard and E. C. Hammond and V. L. Moruzzi",
    title = "Laser-pumped Stimulated Emission from Organic Dyes:  Experimental Studies and Analytical Comparisons",
    journal = "IBM J. Res. Dev.",
    volume = "11",
    pages = "130",
    year = "1967"}

@article{Littman:78a,
    author = "Michael G. Littman and Harold J. Metcalf",
    title = "Spectrally narrow pulsed dye laser without beam expander",
    journal = apopt,
    volume = "17",
    pages = "2224",
    year = "1978"}

@article{Littman:78b,
    author = "Michael G. Littman",
    title = "Single-mode operation of a grazing incidence pulsed dye laser",
    journal = optlet,
    volume = "3",
    pages = "138",
    year = "1978"}

@article{Littman:84,
    author = "Michael G. Littman",
    title = "Single-mode pulsed tunable dye laser",
    journal = apopt,
    volume = "23",
    pages = "4465",
    year = "1984"}

@article{Ruff:92,
    author = "J. A. Ruff and A. E. Siegman",
    title = "Single-pulse laser beam quality measurements using a {CCD} camera
system",
    journal = apopt,
    volume = "31",
    pages = "4907",
    year = "1992"}

@article{Johnston:92,
    author = "T. F. Johnston, Jr. and M. W. Sasnett and Jean-Luc Doumont and A. E. Siegman",
    title = "Laser beam quality versus aperture size in a {CW} argon-ion laser",
    journal = optlet,
    volume = "17",
    pages = "198",
    year = "1992"}

@article{Lin:75,
    author = "Chinlon Lin",
    title = "Studies of Relaxation Oscillations in Organic Dye Lasers",
    journal = ieeejqe,
    volume = "QE-11",
    pages = "602",
    year = "1975"}

@article{Zhang:92,
    author = "G. Z. Zhang and K. Hakuta",
    title = "Scanning geometry for broadly tunable single-mode pulsed dye lasers",
    journal = optlet,
    volume = "17",
    pages = "997",
    year = "1992"}

@article{Liu:81,
    author = "Karen Liu and Michael G. Littman",
    title = "Novel geometry for single-mode scanning of tunable lasers",
    journal = optlet,
    volume = "6",
    pages = "117",
    year = "1981"}

@article{Draegert:72,
    author = "David A. Draegert",
    title = "Efficient Single-Longitudinal-Mode {Nd:YAG} Laser",
    journal = ieeejqe,
    volume = "QE-8",
    pages = "235",
    year = "1972"}
    
@article{Evtuhov:65,
    author = "V. Evtuhov and A. E. Siegman",
    title = "A `Twisted-Mode' Technique for Obtaining Axially Uniform Energy Density in a Laser Cavity",
    journal = apopt,
    volume = "4",
    pages = "142",
    year = "1965"}


@article{Maruyama:91,
    author = "Yoichiro Maruyama and Masaaki Kato and Akira Sugiyama and Taksahi Arisawa",
    title = "A narrow linewidth dye laser with double-prism beam expander",
    journal = optcom,
    volume = "81",
    pages = "67",
    year = "1991"}

@article{Black:94,
    author = "J. F. Black and J. J. Valentini",
    title = "Compact, high-gain pulsed dye amplifier for weak {CW} sources",
    journal = apopt,
    volume = "33",
    pages = "3861",
    year = "1994"}

@article{Kangas:89,
    author = "K. W. Kangas and D. D. Lowenthal and Muller~{III}, C. H.",
    title = "Single-longitudinal-mode, tunable, pulsed {T}i:{S}apphire laser
    oscillator",
    journal = optlet,
    volume = "14",
    pages = "21",
    year = "1989"}

@inproceedings{Sumida:86,
   author = "D. S. Sumida and S. C. Rand and D. A. Rockwell",
   title = "Room-temperature {Q}-switching of {Nd:YAG} by {F_2^{-}} color centers
            in {LiF}",
   editor = "",
   booktitle = "Proceedings of the Conference on Lasers and Electro-optics 1986",
   publisher = "Optical Society of America",
   year = 1986,
   address = "Washington, D.C."}


@article{Raymond:89,
    author = "T. D. Raymond and P. Esherick and A. V. Smith",
    title = "Widely tunable single-longitudinal-mode pulsed dye laser",
    journal = optlet,
    volume = "14",
    pages = "1116",
    year = "1989"}

@article{King:77,
    author = "David S. King and Peter K. Schenck and Kermit C. Smyth
              and John C. Travis",
    title = "Direct calibration of laser wavelength and bandwidth using the
             optogalvanic effect in hollow cathode lamps",
    journal = apopt,
    volume = "16",
    pages = "2617",
    year = "1977"}

@BOOK{Schafer_book,
   editor = "F. P. Schafer",
   title = "Dye Lasers",
   publisher = "Springer-Verlag",
   address = "Berlin",
   year = "1990"}

@BOOK{Boyd_book1,
   author = "Robert W. Boyd",
   title = "Radiometry and the Detection of Optical Radiation",
   publisher = "John Wiley \& Sons",
   address = "New York",
   year = "1983"}

@BOOK{Hamamatsu_book,
   editor = "Hidehiro Kume",
   title = "Photomultiplier Tube:  Principle to Application",
   publisher = "Hamamatsu Photonics K.K.",
   address = "Hamamatsu City, Japan",
   year = "1994"}

@Preprint{Corless:97,
   author = "John D. Corless and James A. West and Jake Bromage and " # CRS,
   title  = "Pulsed single-mode dye laser for coherent control experiments"}

@article{Lewis:80,
   author = "E. L. Lewis",
   title = "Collisional relaxation of atomic excited states, line broadening
   and interatomic interactions",
   journal = prp,
   volume = "58",
   pages = "1",
   year = "1980"}

@BOOK{CRC_book,
   editor = "R. C. Weast",
   title = "CRC Handbook of Chemistry and Physics",
   publisher = "CRC",
   address = "Boca Raton",
   year = "1989"}

@inproceedings{Corless_stoch,
   author = "John D. Corless and James A. West and " # CRS,
   title = "Stochastic fluctuations in multilevel adiabatic population transfer",
   editor = "Joseph H. Eberly and Leonard Mandel and Emil Wolf",
   booktitle = "Coherence and Quantum Optics VII",
   publisher = "Plenum Press",
   year = "1996",
   address = "New York"}

@inproceedings{Corless_shelve,
   author = "John D. Corless and John A. Yeazell and " # CRS,
   title = "Shelving of population in Rydberg wave packets by power broadening",
   editor = "D. K. Evans and S. L. Chin",
   booktitle = "Proceedings of the Sixth International Conference on
   Multiphoton Processes",
   publisher = "World Scientific",
   year = "1994",
   address = "Singapore"}

@Misc{ Bergmann_caveat,
   Note     =  "K. Bergmann, private communication"}

@manual{Melles_Griot,
   title = "Melles Griot 1995/96 Catalog",
   note ="(section entitled `Aberration Balancing')"}