@string{CRS     = "Stroud, Jr., C. R."}
@string{jpb     = "J. Phys. B"}
@string{jpparis = "J. Phys. (Paris)"}
@string{pra     = "Phys. Rev. A"}
@string{pr      = "Phys. Rev."}
@string{prl     = "Phys. Rev. Lett."}
@string{jcp     = "J. Chem. Phys."}
@string{rpp     = "Rep. Prog. Phys."}
@string{optcom  = "Opt. Commun."}
@string{optlet  = "Opt. Lett."}
@string{josab   = "J. Opt. Soc. Am. B"}
@string{apopt   = "Appl. Opt."}
@string{apphys  = "Appl. Phys."}
@string{prp     = "Phys. Rep."}
@string{pr      = "Phys. Rev."}
@string{zp      = "Z. Physic."}
@string{zpa     = "Z. Physic. A"}
@string{zpb     = "Z. Physic. B"}
@string{spJETP  = "Sov. Phys. JETP"}
@string{zetf    = "Zh. Eksp. Theor. Fiz."}
@string{IEEEjqe = "IEEE J. Quant. Elect."}
@string{metr    = "Metrologia"}

@article{Boller:91,
    author = "K.\~-\~J. Boller and A. Imamo\u{g}lu and S. E. Harris",
    title = "Observation of electromagnetically induced transparency",
    journal =prl,
    volume = "66",
    pages = "2593",
    year = "1991"}

@article{Harris:93,
    author = "S. E. Harris",
    title = "Electromagnetically induced transparency with matched pulses",
    journal =prl,
    volume = "70",
    pages = "552",
    year = "1993"}

@article{Harris:94,
    author = "S. E. Harris",
    title = "Normal modes for electromagnetically induced transparency",
    journal =prl,
    volume = "72",
    pages = "52",
    year = "1994"}

@article{Eberly:94,
    author = "J. H. Eberly and M. L. Pons and H. R. Haq",
    title = "Dressed-field pulses in an absorbing medium",
    journal =prl,
    volume = "72",
    pages = "56",
    year = "1994"}

@article{Hioe:94,
    author = "F. T. Hioe and R. Grobe",
    title = "Matched optical solitary waves for three- and five-level systems",
    journal =prl,
    volume = "73",
    pages = "2559",
    year = "1994"}

@article{Grobe:94,
    author = "R. Grobe and F. T. Hioe and J. H. Eberly",
    title = "Formation of shape-preserving pulses in a nonlinear adiabatically
    integrable system",
    journal =prl,
    volume = "73",
    pages = "3183",
    year = "1994"}

@article{Eberly:95,
    author = "J. H. Eberly",
    title = "Transmission of dressed fields in three-level media",
    journal ="Quantum Semiclass. Opt.",
    volume = "7",
    pages = "373",
    year = "1995"}

@article{Zibrov:95,
    author = "A. S. Zibrov and M. D. Lukin and D. E. Nikonov and L. Hollberg
    and M. O. Scully and V. L. Velichansky and H. G. Robinson",
    title = "Experimental demonstration of laser oscillation without
    population inversion via quantum interference in {R}b",
    journal =prl,
    volume = "75",
    pages = "1499",
    year = "1995"}

@article{Carroll:92,
    author = "C. E. Carroll and F. T. Hioe",
    title = "Coherent population transfer via the continuum",
    journal =prl,
    volume = "68",
    pages = "3523",
    year = "1992"}

@article{Carroll:90,
    author = "C. E. Carroll and F. T. Hioe",
    title = "Analytic solutions for three-state systems with overlapping
    pulses",
    journal =pra,
    volume = "42",
    pages = "1522",
    year = "1990"}

@article{Khidekel:95,
    author = "V. Khidekel and B. Fain and H. T. Liou and S. H. Lin",
    title = "Emission in {CS}$_2$ vapor stimulated by a counterintuitive
    sequence of pulses",
    journal ="Chem. Phys. Lett.",
    volume = "234",
    pages = "39",
    year = "1995"}

@article{Allen:82,
    author = "L. Allen and " # CRS,
    title = "Broadening and saturation in n-photon absorption",
    journal =prp,
    volume = "91",
    pages = "1",
    year = "1982"}

@article{Broers:92,
    author = "B. Broers and H. B. {v}an Linden {v}an {d}en Heuvell and L. D.
    Noordam",
    title = "Efficient Population Transfer in a Three-Level Ladder System by
    Frequency-Swept Ultrashort Laser Pulses",
    journal =prl,
    volume = "69",
    pages = "2062",
    year = "1992"}

@article{Schiemann:93,
    author = "S. Schiemann and A. Kuhn and S. Steuerwald and K. Bergmann",
    title = "Efficient Coherent Population Transfer in {NO} Molecules Using
    Pulsed Lasers",
    journal =prl,
    volume = "71",
    pages = "3637",
    year = "1993"}

@article{Pillet:93,
    author = "P. Pillet and C. Valentin and R.-.L Yuan and J. Yu",
    title = "Adiabatic population transfer in a multilevel system",
    journal =pra,
    volume = "48",
    pages = "845",
    year = "1993"}

@article{Shore:95b,
    author = "B. W. Shore and J. Martin and M. P. Fewell and K. Bergmann",
    title = "Coherent population transfer in multilevel systems with
    magnetic sublevels. {I}. {N}umerical studies",
    journal =pra,
    volume = "52",
    pages = "566",
    year = "1995"}

@article{Martin:95,
    author = "J. Martin and B. W. Shore and K. Bergmann",
    title = "Coherent population transfer in multilevel systems with
    magnetic sublevels. {II}. {A}lgebraic analysis",
    journal =pra,
    volume = "52",
    pages = "583",
    year = "1995"}

@article{Martin:96,
    author = "J. Martin and B. W. Shore and K. Bergmann",
    title = "Coherent population transfer in multilevel systems with
    magnetic sublevels. {III}. {E}xperimental results",
    journal =pra,
    volume = "54",
    pages = "1556",
    year = "1996"}

@article{Halfmann:96,
    author = "T. Halfmann and K. Bergmann",
    title = "Coherent population transfer and dark resonances in SO_2",
    journal =jcp,
    volume = "104",
    pages = "7068",
    year = "1996"}

@article{Shore:95a,
    author = "B. W. Shore",
    title = "Examples of counter-intuitive physics",
    journal = "Contemp. Phys.",
    volume = "36",
    pages = "15",
    year = "1995"}

@article{Shore:92,
    author = "B. W. Shore and K. Bergmann and A. Kuhn and S. Schiemann and J.
    Oreg and J. H. Eberly",
    title = "Laser-induced population transfer in multistate systems: {A}
    comparative study",
    journal = pra,
    volume = "45",
    pages = "5297",
    year = "1992"}

@article{Coulston:92,
    author = "George W. Coulston and Klaas Bergmann",
    title = "Population transfer by stimulated {R}aman scattering with delayed
    pulses: {A}nalytical results for multilevel systems",
    journal = jcp,
    volume = "96",
    pages = "3467",
    year = "1992"}

@article{Kuklinski:89,
    author = "J. R. Kuklinski and U. Gaubatz and F. T. Hioe and K. Bergmann",
    title = "Adiabatic population transfer in a three-level system driven by
    delayed laser pulses",
    journal =pra,
    volume = "40",
    pages = "6741",
    year = "1989"}

@article{Lawall:94,
    author = "J. Lawall and M. Prentiss",
    title = "Demonstration of a novel atomic beam splitter",
    journal =prl,
    volume = "72",
    pages = "993",
    year = "1994"}

@article{Goldner:94,
    author = "Lori S. Goldner and C. Gerz and R. J. C. Spreeuw and S. L.
    Rolston and C. I. Westbrook and W. D. Phillips",
    title = "Momentum Transfer in Laser-Cooled Cesium by Adiabatic Passage in
    a Light Field",
    journal =prl,
    volume = "72",
    pages = "997",
    year = "1994"}

@article{Weitz:94,
    author = "Martin Weitz and Brenton C. Young and Steven Chu",
    title = "Atomic interferometer based on adiabatic population transfer",
    journal =prl,
    volume = "73",
    pages = "2563",
    year = "1994"}

@article{Kuhn:92,
    author = "A. Kuhn and G. W. Coulston and G. Z. He and S. Schiemann and K.
    Bergmann",
    title = "Population transfer by stimulated Raman scattering with delayed
    pulses using spectrally broad light",
    journal =jcp,
    volume = "96",
    pages = "4215",
    year = "1992"}

@article{He:90,
    author = "Guo Zhong He and Axel Kuhn and Stephan Schiemann and Klaas
    Bergmann",
    title = "Population transfer by stimulated {R}aman scattering with delayed
    pulses and by the stimulated emission pumping method:  a comparative study",
    journal = josab,
    volume = "7",
    pages = "1960",
    year = "1990"}

@article{Band:94,
    author = "Y. B. Band and O. Magnes",
    title = "Is adiabatic passage population transfer a solution to an optimal
    control problem?",
    journal = jcp,
    volume = "101",
    pages = "7528",
    year = "1994"}

@article{Hioe:81,
    author = "F. T. Hioe and J. H. Eberly",
    title = "N-level coherence vector and higher conservation laws in
    quantum optics and quantum mechanics",
    journal =prl,
    volume = "47",
    pages = "838",
    year = "1981"}

@article{Oreg:84,
    author = "J. Oreg and F. T. Hioe and J. H. Eberly",
    title = "Adiabatic following in multilevel systems",
    journal =pra,
    volume = "29",
    pages = "690",
    year = "1984"}

@article{Gaubatz:88,
    author = "U. Gaubatz and P. Rudecki and M. Becker and S. Schiemann and M.
    Kulz and K. Bergmann",
    title = "Population switching between vibrational levels in molecular
    beams",
    journal = "Chem. Phys. Lett.",
    volume = "149",
    pages = "463",
    year = "1988"}

@article{Gaubatz:90,
    author = "U. Gaubatz and P. Rudecki and S. Schiemann and K. Bergmann",
    title = "Population transfer between molecular vibrational levels by
    stimulated {R}aman scattering with partially overlapping laserfields. {A}
    new concept and experimental results",
    journal =jcp,
    volume = "92",
    pages = "5363",
    year = "1990"}

@article{Arimondo:76,
    author = "E. Arimondo and G. Orriols",
    title = "Nonabsorbing atomic coherences by coherent two-photon
    transitions in a three-level optical pumping",
    journal = "Nuovo Cimento Lett.",
    volume = "17",
    pages = "333",
    year = "1976"}

@article{Gray:78,
    author = "H. R. Gray and R. M. Whitley and " # CRS,
    title = "Coherent trapping of atomic populations",
    journal = "Opt. Lett.",
    volume = "3",
    pages = "218",
    year = "1978"}

@BOOK{Moore:71,
   author = "C. E. Moore",
   title = "Atomic Energy Levels Volume I",
   publisher = "U. S. Government Printing Office",
   address = "Washington, D. C.",
   year = "1971"}

@BOOK{Loudon_book,
   author = "Rodney Loudon",
   title = "The Quantum Theory of Light",
   publisher = "Oxford University Press",
   address = "Oxford",
   year = "1983"}

@BOOK{Stebbings_book,
   editor = "R. F. Stebbings and F. B. Dunning",
   title = "Rydberg States of Atoms and Molecules",
   publisher = "Cambridge University Press",
   address = "Cambridge",
   year = "1983"}

@BOOK{Corney_book,
   author = "Alan Corney",
   title = "Atomic and Laser Spectroscopy",
   publisher = "Oxford University Press",
   address = "Oxford",
   year = "1977"}

@BOOK{Boyd_book2,
   author = "Robert W. Boyd",
   title = "Nonlinear Optics",
   publisher = "Academic Press, Inc.",
   address = "Boston",
   year = "1992"}

@BOOK{Press_book,
   author = "William H. Press and Saul A. Teukolsky and William T.
   Vetterling and Brian P. Flannery",
   title = "Numerical Recipes",
   publisher = "Cambridge University Press",
   address = "Cambridge",
   year = "1992"}
