@string{CRS     = "Stroud, Jr., C. R."}
@string{jpb     = "J. Phys. B"}
@string{jpparis = "J. Phys. (Paris)"}
@string{pra     = "Phys. Rev. A"}
@string{pr      = "Phys. Rev."}
@string{prl     = "Phys. Rev. Lett."}
@string{jcp     = "J. Chem. Phys."}
@string{rpp     = "Rep. Prog. Phys."}
@string{optcom  = "Opt. Commun."}
@string{optlet  = "Opt. Lett."}
@string{josab   = "J. Opt. Soc. Am. B"}
@string{apopt   = "Appl. Opt."}
@string{apphys  = "Appl. Phys."}
@string{prp     = "Phys. Rep."}
@string{pr      = "Phys. Rev."}
@string{zp      = "Z. Physic."}
@string{zpa     = "Z. Physic. A"}
@string{zpb     = "Z. Physic. B"}
@string{spJETP  = "Sov. Phys. JETP"}
@string{zetf    = "Zh. Eksp. Theor. Fiz."}
@string{IEEEjqe = "IEEE J. Quant. Elect."}
@string{metr    = "Metrologia"}

@article{Piraux:89,
    author = "Bernard Piraux and Peter L. Knight",
    title = "Role of counter-rotating wave dynamics in near-threshold
    photoionization of atomic hydrogen",
    journal = pra,
    volume = "40",
    pages = "712",
    year = "1989"}

@article{Frey:93,
    author = "M. T. Frey and X. Ling and B. G. Lindsay and K. A. Smith and F.
    B. Dunning",
    title = "Use of the {S}tark effect to minimize residual electric fields
    in an experimental volume",
    journal ="Rev. Sci. Instr.",
    volume = "64",
    pages = "3649",
    year = "1993"}

@article{Alber:91,
    author = "G. Alber and P. Zoller",
    title = "Laser excitation of electronic wave packets in {R}ydberg atoms",
    journal =prp,
    volume = "199",
    pages = "231",
    year = "1991"}

@article{Parker:86,
    author = "J. Parker and " # CRS,
    title = "Coherence and decay of {R}ydberg wave packets",
    journal =prl,
    volume = "56",
    pages = "716",
    year = "1986"}

@article{tenWolde:88,
    author = "A. {t}en Wolde and L. D. Noordam and A. Lagendijk and H. B.
    {v}an Linden {v}an {d}en Heuvell",
    title = "Observation of radially localized atomic electron wave packets",
    journal =prl,
    volume = "61",
    pages = "2099",
    year = "1988"}

@article{Hulet:83,
    author = "R. G. Hulet and D. Kleppner",
    title = "Rydberg atoms in `circular' states",
    journal =prl,
    volume = "51",
    pages = "1430",
    year = "1983"}

@article{Molander:86,
    author = "W. A. Molander and " # CRS # " and J. A. Yeazell",
    title = "Excitation of high angular momentum {R}ydberg states",
    journal =jpb,
    volume = "19",
    pages = "L461",
    year = "1986"}

@article{Fedorov:90,
    author = "M. V. Fedorov and M. Yu. Ivanov",
    title = "Coherence and interference in a {R}ydberg atom in a strong
    laser field:  excitation, ionization, and emission of light",
    journal =josab,
    volume = "7",
    pages = "569",
    year = "1990"}

@article{Huens:93,
    author = "E. Huens and B. Piraux",
    title = "Effective Dynamic Stabilization of Atomic Hydrogen in
    Strong Laser Fields",
    journal ="Laser Physics",
    volume = "3",
    pages = "274",
    year = "1993"}

@article{Pont:88,
    author = "M. Pont and N. R. Walet and M. Gavrila and C. W. Mc{C}urdy",
    title = "Dichotomy of the Hydrogen atom in Superintense,
    high-frequency laser fields",
    journal =prl,
    volume = "61",
    pages = "939",
    year = "1988"}

@article{Burnett:91,
    author = "K. Burnett and P. L. Knight and B. R. M. Piraux and V. C. Reed",
    title = "Suppression of ionization in strong laser fields",
    journal =prl,
    volume = "66",
    pages = "301",
    year = "1991"}

@article{Yang:93,
    author = "Baorui Yang and K. J. Schafer and B. Walker and K. C.
    Kulander and P. Agostini and L. F. DiMauro",
    title = "Intensity-Dependent Scattering Rings in High Order
    Above-Threshold Ionization",
    journal =prl,
    volume = "71",
    pages = "3770",
    year = "1993"}

@article{Melinger:92,
    author = "J. S. Melinger and Suketu R. Gandhi and A. Hariharan and J. X.
    Tull and W. S. Warren",
    title = "Generation of narrowband inversion with broadband laser pulses",
    journal =prl,
    volume = "68",
    pages = "2000",
    year = "1992"}

@article{Loy:74,
    author = "M. M. T. Loy",
    title = "Observation of population inversion by optical adiabatic rapid
    passage",
    journal =prl,
    volume = "32",
    pages = "814",
    year = "1974"}

@article{Grobe:86,
    author = "Rainer Grobe and Gerd Leuchs and Kazimierz Rz\c{a}\.{z}ewski",
    title = "Migration of population to higher-angular-momentum {R}ydberg
    states through the degenerate {R}aman coupling",
    journal =pra,
    volume = "34",
    pages = "1188",
    year = "1986"}

@article{Ivanov:94,
    author = "G. K. Ivanov and G. V. Golubkov and D. M. Manakov",
    title = "Rydberg states in multiphoton atomic ionization processes",
    journal =zetf,
    volume = "106",
    pages = "1306",
    year = "1994"}

@article{Garraway:92,
    author = "B. M. Garraway and S. Stenholm",
    title = "Interferometer within a molecule",
    journal =pra,
    volume = "46",
    pages = "1413",
    year = "1992"}

@article{Vitanov:96,
    author = "N. V. Vitanov and B. M. Garraway",
    title = "Landau-{Z}ener model: {E}ffects of finite coupling duration",
    journal =pra,
    volume = "53",
    pages = "4288",
    year = "1996"}

@article{Zener:32,
    author = "Clarence Zener",
    title = "Non-Adiabatic Crossing of energy levels",
    journal ="Proc. R. Soc. London A",
    volume = "137",
    pages = "696",
    year = "1932"}

@article{Landau:32,
    author = "L. D. Landau",
    title = "Zur Theorie der Energie{\"{u}}bertragung {II}",
    journal ="Phys. Z. Sowjetunion",
    volume = "2",
    pages = "46",
    year = "1932"}

@article{Zimmerman:79,
    author = "Myron L. Zimmerman and Michael G. Littman and Michael M. Kash 
    and Daniel Kleppner",
    title = "Stark structure of the {R}ydberg states of alkali-metal atoms",
    journal =pra,
    volume = "20",
    pages = "2251",
    year = "1979"}


@article{Rubbmark:81,
    author = "Jan R. Rubbmark and Michael M. Kash and Michael G. Littman
    and Daniel Kleppner",
    title = "Dynamical effects at avoided level crossings:A study of the
    {L}andau-{Z}ener effect using {R}ydberg atoms",
    journal =pra,
    volume = "23",
    pages = "3107",
    year = "1981"}

@article{Stuckelberg:32,
    author = "{E. C. G. St\"{u}ckelberg}",
    title = "{Theorie der unelastischen st\"{o}sse zwischen atomen}",
    journal ="Helv. Phys. Acta",
    volume = "5",
    pages = "369",
    year = "1932"}

@article{Gatzke:95,
    author = "M. Gatzke and R. B. Watkins and T. F. Gallagher",
    title = "Quantum interference in microwave multiphoton transitions",
    journal =pra,
    volume = "51",
    pages = "4835",
    year = "1995"}

@article{Watkins:96,
    author = "R. B. Watkins and W. M. Griffith and M. A. Gatzke and T. F.
    Gallagher",
    title = "Multiphoton resonance with one to many cycles",
    journal =prl,
    volume = "77",
    pages = "2424",
    year = "1996"}

@article{Sundaram:90,
    author = "B. Sundaram and P. W. Milonni",
    title = "High-order harmonic generation:  simplified model and relevance
    of single-atom theories to experiment",
    journal =pra,
    volume = "41",
    pages = "6571",
    year = "1990"}

@article{Burlon:96,
    author = "R. Burlon and G. Ferrante and C. Leone and P. A.
    Oleinikov and V. T. Platonenko",
    title = "Modeling harmonic generation by a degenerate two-level
    atom",
    journal =josab,
    volume = "13",
    pages = "162",
    year = "1996"}

@BOOK{Gavrila:92,
   editor = "Mihai Gavrila",
   title = "Atoms in Intense Laser Fields",
   publisher = "Academic Press, Inc.",
   address = "San Diego",
   year = "1992"}

@article{Li:89,
    author = "X. F. Li and A. L'{H}uillier and M. Ferray and L. A. Lompr\'{e}
    and G. Mainfray",
    title = "Multiple-harmonic generation in rare gases at high laser
    intensity",
    journal =pra,
    volume = "39",
    pages = "5751",
    year = "1989"}

@article{Kulander:89,
    author = "K. C. Kulander and B. W. Shore",
    title = "Calculations of multiple-harmonic conversion of 1064-nm radiation
    in {X}e",
    journal =prl,
    volume = "62",
    pages = "524",
    year = "1989"}

@incollection{L'Huillier:92,
   author = "Anne L'Huillier and Louis-Andr\`{e} Lompr\'{e} and
   Gerard Mainfray and Claude Manus",
   title = "High-Order Harmonic Generation in Rare Gases",
   editor = "Mihai Gavrila",
   booktitle = "Atoms in Intense Laser Fields",
   year = 1992,
   address = "San Diego",
   publisher = "Academic Press, Inc.",
   organization = "(Academic Press, San Diego CA, 1992)",}

@incollection{Kleppner:86,
   author = "Daniel Kleppner",
   title = "An introduction to {R}ydberg atoms",
   editor = "Jean Pierre Briand",
   booktitle = "Atoms in Unusual Situations",
   year = 1986,
   address = "New York",
   publisher = "Plenum Press",
   organization = "(Plenum Press, New York, 1986)",}

@article{Gibson:92,
    author = "G. N. Gibson and R. R. Freeman and T. J. McIlrath",
    title = "Verification of the dominant role of resonant
    enhancement in short-pulse multiphoton ionization",
    journal =prl,
    volume = "69",
    pages = "1904",
    year = "1992"}

@article{Leuchs:85,
    author = "G. Leuchs and S. J. Smith",
    title = "Photoelectron angular distributions in resnonant
    multiphoton ionization of atoms",
    journal ="J. Sov. Laser Res.",
    volume = "6",
    pages = "296",
    year = "1985"}

@article{Kyrala:87,
    author = "George A. Kyrala",
    title = "Multiphoton ionization: a {M}onte {C}arlo treatment of a
    classical hydrogen atom in a classical electromagnetic field",
    journal =josab,
    volume = "4",
    pages = "731",
    year = "1987"}

@article{Story:94,
    author = "J. G. Story and D. I. Duncan and T. F. Gallagher",
    title = "Landau-{Z}ener treatment of intensity-tuned multiphoton
    resonances of potassium",
    journal =pra,
    volume = "50",
    pages = "1607",
    year = "1994"}

@article{deBoer:92,
    author = "M. P. de Boer and H. G. Muller",
    title = "Observation of large populations in excited states after
    short-pulse multiphoton ionization",
    journal =prl,
    volume = "68",
    pages = "2747",
    year = "1992"}

@article{Freeman:87,
    author = "R. R. Freeman and P. H. Bucksbaum and H. Milchberg and S. Darack
    and D. Schumacher and M. E. Geusic",
    title = "Above-threshold ionization with subpicosecond pulses",
    journal =prl,
    volume = "59",
    pages = "1092",
    year = "1987"}

@article{Picart:78,
   author = "J. Picart and A. R. Edmonds and N. Tran Minh",
   title = "Extrapolation to high principal quantum numbers of radial
   integrals in the {C}oulomb approximation",
   journal = jpb,
   volume = "11",
   pages = "L651",
   year = "1978",}

@BOOK{Gallagher_book,
   author = "Thomas F. Gallagher",
   title = "Rydberg Atoms",
   publisher = "Cambridge University Press",
   address = "Cambridge",
   year = "1994",}

@BOOK{Gradshteyn_Ryzhik,
   author = "I. S. Gradshteyn and I. M. Ryzhik",
   title = "Table of Integrals, series, and products",
   publisher = "Academic Press",
   address = "New York",
   year = "1980",}

@BOOK{Bethe_Salpeter,
   author = "H. A. Bethe and E. E. Salpeter",
   title = "Quantum Mechanics of One- and Two-Electron Atoms",
   publisher = "Plenum Press",
   address = "New York",
   year = "1977",}

@BOOK{CCT_qm,
   author = "Claude Cohen-Tannoudji and Bernard Diu and Franck Lalo{\" e}",
   title = "Quantum Mechanics",
   publisher = "John Wiley \& Sons",
   address = "New York",
   year = "1977",}

@article{Obrian:94,
    author = "T. R. O'Brian and J.-B. Kim and G. Lan and T. J. McIlrath and
    T. B. Lucatorto",
    title = "Verification of the ponderomotive approximation for the
    ac {S}tark shift in {X}e {R}ydberg levels",
    journal = pra,
    volume = "49",
    pages = "R649",
    year = "1994"}

@article{Avan:76,
    author = "P. Avan and C. Cohen-Tannoudji and J. Dupont-Roc and C. Fabre",
    title = "Effect of high frequency irradiation on the dynamical
    properties of weakly bound electrons",
    journal = jpparis,
    volume = "37",
    pages = "993",
    year = "1976"}

@BOOK{Wiese:69,
   author = "W. L. Wiese and M. W. Smith and B. M. Miles",
   title = "Atomic Transition Probabilities Volume II: Sodium through Calcium",
   publisher = "U. S. Government Printing Office",
   address = "Washington, D. C.",
   year = "1969"}

@inproceedings{Stroud:86,
   author = CRS # " and K. Koch and S. Chakmakjian",
   title = "Multimode instabilities in cw dye lasers",
   editor = "R. W. Boyd and M. G. Raymer and L. M. Narducci",
   booktitle = "Proceedings of the International Conference on Optical
   Instabilities",
   year = 1986,
   address = "Rochester",
   organization = "(Cambridge U. Press, Cambridge, 1986)",}

@UNPUBLISHED{VanLeeuwen:95,
   author = "Van Leeuwen, M. F. and S. Papademetriou and " # CRS,
   title = "Autler-{T}ownes effect for an atom in a 100\% 
   amplitude-modulated laser field: {I} a dressed-atom approach",
   journal = pra,
   volume = "?",
   pages = "?",
   year = 1995,
   note = "(Accepted for publication)",}

@phdthesis{Whitley-phd,
   author = "R. M. Whitley",
   title = "Double optical resonance",
   school = "University of Rochester",
   year = 1977,}

@BOOK{Allen:87,
   author = "L. Allen and J. Eberly",
   title = "Optical Resonance and Two-Level Atoms",
   publisher = "Dover Publications, Inc.",
   address = "New York",
   year = "1987"}

@BOOK{CCT:92,
   author = "Claude Cohen-Tannoudji and Jacques Dupont-Roc and Gilbert
   Grynberg",
   title = "Atom-Photon Interactions",
   publisher = "John Wiley and Sons, Inc.",
   address = "New York",
   year = "1992"}

