@string{CRS     = "Stroud, Jr., C. R."}
@string{jpb     = "J. Phys. B"}
@string{jpparis = "J. Phys. (Paris)"}
@string{pra     = "Phys. Rev. A"}
@string{pr      = "Phys. Rev."}
@string{prl     = "Phys. Rev. Lett."}
@string{jcp     = "J. Chem. Phys."}
@string{rpp     = "Rep. Prog. Phys."}
@string{optcom  = "Opt. Commun."}
@string{optlet  = "Opt. Lett."}
@string{josab   = "J. Opt. Soc. Am. B"}
@string{apopt   = "Appl. Opt."}
@string{apphys  = "Appl. Phys."}
@string{prp     = "Phys. Rep."}
@string{pr      = "Phys. Rev."}
@string{zp      = "Z. Physic."}
@string{zpa     = "Z. Physic. A"}
@string{zpb     = "Z. Physic. B"}
@string{spJETP  = "Sov. Phys. JETP"}
@string{zetf    = "Zh. Eksp. Theor. Fiz."}
@string{IEEEjqe = "IEEE J. Quant. Elect."}
@string{metr    = "Metrologia"}

@article{Reinhold:96,
    author = "C. O. Reinhold and J. Burgd{\"{o}}rferM. T. Frey and F.
    B. Dunning",
    title = "Dynamics of Rydberg wave packets generated by half-cycle
    pulses",
    journal =pra,
    volume = "54",
    pages = "R33",
    year = "1996"}

@article{Raithel:95,
    author = "G. Raithel and O. Benson and H. Walther",
    title = "Atomic interferometry with the micromaser",
    journal =prl,
    volume = "75",
    pages = "3446",
    year = "1995"}

@article{Benson:94,
    author = "O. Benson and G. Raithel and H. Walther",
    title = "Quantum jumps of the micromaser field: dynamic behavior
    close to phase transition points",
    journal =prl,
    volume = "72",
    pages = "3506",
    year = "1994"}

@article{Brune:96a,
    author = "M. Brune and F. Schmidt-{K}aler and A. Maali and J.
    Dreyer and E. Hagley and J. M. Raimond and S. Haroche",
    title = "Quantum {R}abi oscillation: a direct test of field
    quantization in a cavity",
    journal =prl,
    volume = "76",
    pages = "1800",
    year = "1996"}

@article{Brune:96b,
    author = "M. Brune and E. Hagley and J. Dreyer and X. Ma\^{i}tre and
    A. Maali and C. Wunderlich and J. M. Raimond and S. Haroche",
    title = "Observing the progressive decoherence of the `meter' in a
    quantum measurement",
    journal =prl,
    volume = "77",
    pages = "4887",
    year = "1996"}

@article{Goy:83,
    author = "P. Goy and J. M. Raimond and M. Gross and S. Haroche",
    title = "Observation of cavity-enhanced single-atom spontaneous
    emission",
    journal =prl,
    volume = "50",
    pages = "1903",
    year = "1983"}

@article{Hulet:85,
    author = "Randall G. Hulet and Eric S. Hilfer and Daniel Kleppner",
    title = "Inhibited spontaneous emission by a {R}ydberg atom",
    journal =prl,
    volume = "55",
    pages = "2137",
    year = "1985"}

@article{Meschede:85,
    author = "D. Meschede and H. Walther and G. M{\"u}ller",
    title = "One-atom maser",
    journal =prl,
    volume = "54",
    pages = "551",
    year = "1985"}

@article{Bayfield:74,
    author = "J. E. Bayfield and P. M. Koch",
    title = "Multiphoton ionisation of highly excited hydrogen atoms",
    journal =prl,
    volume = "33",
    pages = "258",
    year = "1974"}

@article{Schiavone:79,
    author = "J. A. Schiavone and S. M. Tarr and R. S. Freund",
    title = "Electron-impact excitation of the rare-gas atoms to
    high-{R}ydberg states",
    journal =pra,
    volume = "20",
    pages = "71",
    year = "1979"}

@article{Harper:77,
    author = "C. D. Harper and S. E. Wheatley and M. D. Levenson",
    title = "Two-photon absorption spectroscopy of potassium {R}ydberg
    states",
    journal =josa,
    volume = "67",
    pages = "579",
    year = "1977"}

@article{Fabre:75,
    author = "C. Fabre and M. Gross and S. Haroche",
    title = "Determination by quantum beat spectroscopy of fine-structure
    intervals in a series of highly excited sodium {D} states",
    journal = optcom,
    volume = "13",
    pages = "393",
    year = "1975"}

@article{Story:93,
    author = "J. G. Story and D. I. Duncan and T. F. Gallagher",
    title = "Resonant inhibition of multiphoton ionization",
    journal =prl,
    volume = "70",
    pages = "3012",
    year = "1993"}

@article{Gallagher:79,
    author = "T. F. Gallagher and W. E. Cooke",
    title = "Interactions of blackbody radiation with atoms",
    journal =prl,
    volume = "42",
    pages = "835",
    year = "1979"}

@article{Spencer:82,
    author = "W. P. Spencer and A. G. Vaidyanathan and D. Kleppner and T. W.
    Ducas",
    title = "Photoionization by blackbody radiation",
    journal =pra,
    volume = "26",
    pages = "1490",
    year = "1982"}

@Article{Yeazell:87,
   Author   =  YeazellAndStroud,
   Title    =  "Rydberg-Atom Wave Packets Localized in
               the Angular Variables",
   Journal  =  PRA,
   Volume   =  35,
   Pages    =  2806,
   Year     =  1987}

@Article{Yeazell:88,
   Author   =  YeazellAndStroud,
   Title    =  "Observation of Spatially Localized Atomic
               Electron Wave Packets",
   Journal  =  PRL,
   Volume   =  60,
   Pages    =  1494,
   Year     =  1988}

@Article{ Yeazell:89,
   Author   =  "John A. Yeazell and Mark Mallalieu and 
               Jonathan Parker and Stroud, Jr., Carlos R.",
   Title    =  "Classical Periodic Motion of Atomic-Electron
               Wave Packets",
   Journal  =  PRA,
   Volume   =  40,
   Pages    =  5040,
   Year     =  1989}

@Article{ Yeazell:90,
   Author   =  "John A. Yeazell and Mark Mallalieu and 
                  Stroud, Jr., Carlos R.",
   Title    =  "Observation of the Collapse and Revival of a
               {Rydberg} Electronic Wave Packet",
   Journal  =  PRL,
   Volume   =  64,
   Pages    =  2007,
   Year     =  1990}

@Article{ Yeazell:91,
   Author   =  YeazellAndStroud,
   Title    =  "Observation of Fractional Revivals in the Evolution
               of a {Rydberg} Atomic Wave Packet",
   Journal  =  PRA,
   Volume   =  43,
   Pages    =  5153,
   Year     =  1991}

@Article{ Meacher:91,
   Author   =  "D. R. Meacher and P. E. Meyler and I. G. Hughes
               and P. Ewart",
   Title    =  "Observation of the Collapse and Fractional Revival of
               a {Rydberg} Wavepacket in Atomic Rubidium",
   Journal  =  JPB,
   Volume   =  24,
   Pages    =  "L63",
   Year     =  1991}

@Article{ Averbukh:89,
   Author   = "I. Sh. Averbukh and N. F. Perelman",
   Title    = "Fractional Revivals: Universality in the Long-Term
               Evolution of Quantum Wave Packets Beyond the 
               {Correspondence Principle} Dynamics",
   Journal  =  PLA,
   Volume   =  139,
   Pages    =  449,
   Year     =  1989}

@Article{ Gaeta:94,
   Author   =  Zaga #" and "# Noel #" and "# Stroud,
   Title    =  "Excitation of the Classical-Limit State of an Atom",
   Journal  =  PRL,
   Volume   =  73,
   Pages    =  636,
   Year     =  1994}

@Article{ Noel:95,
   Author   =  Noel #" and "# Stroud,
   Title    =  "Young's Double-Slit Interferometry within an Atom",
   Journal  =  PRL,
   Volume   =  75,
   Pages    =  1252,
   Year     =  1995}

@Article{ Alber:86,
   Author   =  "G. Alber and H. Ritsch and Peter Zoller",
   Title    =  "Generation and Detection of {Rydberg} Wave Packets
               by Short Laser Pulses",
   Journal  =  PRA,
   Volume   =  34,
   Pages    =  1058,
   Year     =  1986}

@Article{ Wolde:88,
   Author   = "A. ten Wolde and L. D. Noordam and A. Lagendijk and
               H. B. van Linden van den Heuvell",
   Title    = "Observation of Radially Localized Atomic
               Electron Wave Packets",
   Journal  =  PRL,
   Volume   =  61,
   Pages    =  2099,
   Year     =  1988}

@Article{ Wolde:89,
   Author   = "A. ten Wolde and L. D. Noordam and A. Lagendijk and
               H. B. van Linden van den Heuvell",
   Title    = "Atomic Electron Wave Packets in an Electric Field",
   Journal  =  PRA,
   Volume   =  40,
   Pages    =  485,
   Year     =  1989}

@Article{ Noordam:89,
   Author   =  "L. D. Noordam and A. ten Wolde and 
                A. Lagendijk and H. B. van Linden van den Heuvell",
   Title    =  "Time Dependence of an Atomic Electron Wave Function in an
                Electrical Field",
   Journal  =  PRA,
   Volume   =  40,
   Pages    =  6999,
   Year     =  1989}

@Article{ Noordam:92a,
   Author   = "L. D. Noordam and H. Stapelfeldt and 
               D. I. Duncan and T. F. Gallagher",
   Title    = "Redistribution of {Rydberg} States by Intense
               Picosecond Pulses",
   Journal  =  PRL,
   Volume   =  68,
   Pages    =  1496,
   Year     =  1992}

@Article{ Fielding:95,
   Author   =  "H. H. Fielding and J. Wals
                and van der Zande, W. J. and van Linden van den Heuvell, H. B.", 
   Title    =  "Rydberg-Electron Wave-Packet Dynamics in Parallel Electric and
                Magnetic Fields and Evidence for Stabilization",
   Journal  =  PRA,
   Volume   =  51,
   Pages    =  611,
   Year     =  1995}

@Article{ Stapelfeldt:91,
   Author   =  "H. Stapelfeldt and D. G. Papaioannou and
               L. D. Noordam and T. F. Gallagher",
   Title    =  "Inner-Electron Multiphoton Ionization of Barium
               {Rydberg} States with Picosecond Pulses",
   Journal  =  PRL,
   Volume   =  67,
   Pages    =  3223,
   Year     =  1991}

@Article{ Jones:91,
   Author   =  "R. R. Jones and P. H. Bucksbaum",
   Title    =  "Ionization Suppression of Stark States in Intense
               Laser Fields",
   Journal  =  PRL,
   Volume   =  67,
   Pages    =  3215,
   Year     =  1991}

@Article{ Jones:93a,
   Author   =  "R. R. Jones and D. You and P. H. Bucksbaum",
   Title    =  "Ionization of {Rydberg} Atoms by Subpicosecond
               Half-Cycle Electromagnetic Pulses",
   Journal  =  PRL,
   Volume   =  70,
   Pages    =  1236,
   Year     =  1993}

@Article{ Jones:93b,
   Author   =  "R. R. Jones and C. S. Raman and D. W. Schumacher
               and P. H. Bucksbaum",
   Title    =  "Ramsey Interference in Strongly Driven
               {Rydberg} Systems",
   Journal  =  PRL,
   Volume   =  71,
   Pages    =  2575,
   Year     =  1993}

@Article{ Birula:94,
   Author   =  "Bialynicki-Birula, Iwo and Maciej {Kali\'nski} and 
                J. H. Eberly",
   Title    =  "{Lagrange} Equilibrium Points in Celestial Mechanics and
                Nonspreading Wave Packets for Strongly Driven {Rydberg} 
                Electrons",
   Journal  =  PRL,
   Volume   =  73,
   Pages    =  1777,
   Year     =  1994}

@Article{ Kalinski:95,
   Author   =  "Maciej {Kali\'nski} and J. H. Eberly and Bialynicki-Birula, Iwo",
   Title    =  "Numerical Observation of Stable Field-Supported {Rydberg} Wave
                Packets",
   Journal  =  PRA,
   Volume   =  52,
   Pages    =  2460,
   Year     =  1995}

@Article{ Eberly:91,
   Author   =  "J. H. Eberly and J. Javanainen and K. Rzazewski",
   Title    =  "Above-Threshold Ionization",
   Journal  =  PRep,
   Volume   =  204,
   Pages    =  333,
   Year     =  1991}

@Article{ Parker:90,
   Author   =  ParkerAndStroud,
   Title    =  "Population Trapping in Short Pulse Ionization",
   Journal  =  PRA,
   Volume   =  41,
   Pages    =  1602,
   Year     =  1990}

@Article{ You:93,
   Author   =  "D. You and R. R. Jones and P. H. Bucksbaum and D. R. Dykaar",
   Title    =  "Generation of high-power sub-single-cycle 500-fs 
                electromagnetic pulses",
   Journal  =  optlet,
   Volume   =  18,
   Pages    =  290,
   Year     =  1993}

@Article{ Jones:96,
   Author   =  "R. R. Jones",
   Title    =  "Creating and probing electronic wave packets using half-cycle
                pulses",
   Journal  =  prl,
   Volume   =  76,
   Pages    =  3927,
   Year     =  1996}

@Article{ Frey:96,
   Author   =  "M. T. Frey and F. B. Dunning and C. O. Reinhold and
                J. Burgdorfer",
   Title    =  "Ionization of very-high-$n$ Rydberg atoms by half-cycle pulses 
                in the short-pulse regime",
   Journal  =  pra,
   Volume   =  "53",
   Pages    =  "R2929",
   Year     =  "1996"}

@Article{ Raman:96,
   Author   =  "C. Raman and C. W. S. Conover and C. I. Sukenik and P. H.
                Bucksbaum",
   Title    =  "Ionization of Rydberg wave packets by subpicosecond,
                half-cycle electromagnetic pulses",
   Journal  =  prl,
   Volume   =  "76",
   Pages    =  "2436",
   Year     =  "1996"}

@Article{ Noel:96,
   Author   =  "M. W. Noel and " # CRS,
   Title    =  "Excitation of an atomic electron to a coherent superposition 
                of macroscopically distinct states",
   Journal  =  prl,
   Volume   =  "77",
   Pages    =  "1913",
   Year     =  "1996"}
