@article{Harris:89,
    author = "S. E. Harris",
    title = "Lasers without inversion: interference of lifetime-broadened
    resonances",
    journal =prl,
    volume = "62",
    pages = "1033",
    year = "1989"}

@article{ Wisoff:85,
   Author   =  "Wisoff, P. J. K. and R. G. Caro and G. Mitchell",
   Title    =  "A High Power Picosecond Dye Oscillator Synchronously Pumped by
                a {Q}-Switched, Mode-Locked {Nd:YAG} Laser",
   Journal  =  OPTCOMM,
   Volume   =  "54",
   Pages    =  "353",
   Year     =  "1985"}

@article{ Dawson:84,
   Author   =  "M. D. Dawson and A. S. L. Gomes and W. Sibbett and J. R.
                Taylor",
   Title    =  "Characterisation of the output from a {Q}-Switched/Mode-Locked
                {CW} {Nd:YAG} Laser",
   Journal  =  OPTCOMM,
   Volume   =  "52",
   Pages    =  "295",
   Year     =  "1984"}


@PhdThesis{ Yeazell_thesis,
   Author   =  Yeazell,
   Title    =  "Spatially Localized {Rydberg} Electronic
               Wave Packets",
   School   =  "University of Rochester",
   Year     =  1989}

@PhdThesis{ Noel_thesis,
   Author   =  "Michael W. Noel",
   Title    =  "Atomic Electron Wave Packet Interference and Control",
   School   =  "University of Rochester",
   Year     =  1996}

@BOOK{Sawyer_book,
   author = "Ralph A. Sawyer",
   title = "Experimental Spectroscopy",
   publisher = "Dover",
   address = "New York",
   year = "1963"}

@BOOK{Chin_book,
   editor = "S. L. Chin and Peter Lambropoulos",
   title = "Multiphoton Ionization of Atoms",
   publisher = "Academic Press",
   address = "New York",
   year = "1984"}

@article{ MIvanov:94,
   Author   =  "M. Yu. Ivanov",
   Title    =  "Suppression of resonant multiphoton ionization via {Rydberg}
                states",
   Journal  =  pra,
   Volume   =  "49",
   Pages    =  "1165",
   Year     =  "1994"}

@article{ Wojcik:95,
   Author   =  "A. W\'{o}jcik and R. Parzy\'{n}ski",
   Title    =  "Suppression of two-photon ionization via {Rydberg} states",
   Journal  =  pra,
   Volume   =  "51",
   Pages    =  "3154",
   Year     =  "1995"}

@Article{ Fedorov:89a,
   Author   =  "M. V. Fedorov and A. M. Movsesian",
   Title    =  "Interference suppression of photoionization of {Rydberg} atoms
                in a strong electromagnetic field",
   Journal  =  josab,
   Volume   =  "6",
   Pages    =  "928",
   Year     =  "1989"}

@Article{ Gratl:89,
   Author   =  "H. Gratl and G. Alber and P. Zoller",
   Title    =  "Near-threshold behavior of multiphoton ionisation
                probabilities",
   Journal  =  jpb,
   Volume   =  "22",
   Pages    =  "L547",
   Year     =  "1989"}

@Article{ Bates:49,
   Author   =  "D. R. Bates and A. Damgaard",
   Title    =  "The calculation of the absolute line strengths of spectral
                lines",
   Journal  =  "Phil. Trans. Roy. Soc. London",
   Volume   =  "A242",
   Pages    =  "101",
   Year     =  "1949"}

@Article{ Sharma:90,
   Author   =  "A. Sharma and G. L. Bhale and M. A. N. Razvi",
   Title    =  "Three photon resonant ionization in atomic potassium via {S,
                P, D and F} series {R}ydberg states",
   Journal  =  "J. Phys. Pram\={a}na",
   Volume   =  "35",
   Pages    =  "95",
   Year     =  "1990"}

@Article{ Alber:88,
   Author   =  "G. Alber and P. Zoller",
   Title    =  "Near-threshold excitation of {R}ydberg series by strong laser
                fields",
   Journal  =  pra,
   Volume   =  "37",
   Pages    =  "377",
   Year     =  "1988"}

@Article{ Raczynski:93,
   Author   =  "Andrzej Raczy\'{n}ski and Jaroslaw Zaremba",
   Title    =  "Threshold effects in photoionization and photodetachment",
   Journal  =  prp,
   Volume   =  "235",
   Pages    =  "1",
   Year     =  "1993"}

@incollection{Lambropoulos:92,
   author       = "P. Lambropoulos and X. Tang",
   title        = "Resonances in multiphoton ionization",
   editor       = "Mihai Gavrila",
   booktitle    = "Atoms in Intense Laser Fields",
   year         = "1992",
   address      = "Boston",
   publisher    = "Academic Press",
   organization = "(Academic Press, Boston, 1992)",}

@Article{ Liberman:83,
   Author   =  "S. Liberman and J. Pinard and A. Taleb",
   Title    =  "Experimental study of stimulated radiative corrections on an
                atomic {R}ydberg state",
   Journal  =  prl,
   Volume   =  "50",
   Pages    =  "888",
   Year     =  "1983"}

@Article{ Fedorov:89b,
   Author   =  "M. V. Fedorov and A. M. Movsesian",
   Title    =  "Ac {S}tark effect and trapping of population on {R}ydberg
                levels in a strong ionizing field",
   Journal  =  josab,
   Volume   =  "6",
   Pages    =  "1504",
   Year     =  "1989"}

@Article{ Aymar:76,
   Author   =  "M. Aymar and E. Luc-{K}oenig and {F. Combet Farnoux}",
   Title    =  "Theoretical investigation on photoionization from {R}ydberg
                states of lithium, sodium and potassium",
   Journal  =  jpb,
   Volume   =  "9",
   Pages    =  "1279",
   Year     =  "1976"}

@BOOK{Gottfried_book,
   author = "K. Gottfried",
   title = "Quantum Mechanics",
   publisher = "Benjamin",
   address = "New York",
   year = "1966"}
